@misc{DQN,
  doi = {10.48550/ARXIV.1312.5602},
  url = {https://arxiv.org/abs/1312.5602},
  author = {Mnih,  Volodymyr and Kavukcuoglu,  Koray and Silver,  David and Graves,  Alex and Antonoglou,  Ioannis and Wierstra,  Daan and Riedmiller,  Martin},
  keywords = {Machine Learning (cs.LG),  FOS: Computer and information sciences,  FOS: Computer and information sciences},
  title = {Playing Atari with Deep Reinforcement Learning},
  publisher = {arXiv},
  year = {2013},
  copyright = {arXiv.org perpetual,  non-exclusive license}
}

@misc{DDQN,
  doi = {10.48550/ARXIV.1509.06461},
  url = {https://arxiv.org/abs/1509.06461},
  author = {van Hasselt,  Hado and Guez,  Arthur and Silver,  David},
  keywords = {Machine Learning (cs.LG),  FOS: Computer and information sciences,  FOS: Computer and information sciences},
  title = {Deep Reinforcement Learning with Double Q-learning},
  publisher = {arXiv},
  year = {2015},
  copyright = {arXiv.org perpetual,  non-exclusive license}
}

@misc{ExpReplay,
  doi = {10.48550/ARXIV.1712.01275},
  url = {https://arxiv.org/abs/1712.01275},
  author = {Zhang,  Shangtong and Sutton,  Richard S.},
  keywords = {Machine Learning (cs.LG),  Artificial Intelligence (cs.AI),  FOS: Computer and information sciences,  FOS: Computer and information sciences},
  title = {A Deeper Look at Experience Replay},
  publisher = {arXiv},
  year = {2017},
  copyright = {arXiv.org perpetual,  non-exclusive license}
}

@misc{NEF,
  doi = {10.48550/ARXIV.1603.00748},
  url = {https://arxiv.org/abs/1603.00748},
  author = {Gu,  Shixiang and Lillicrap,  Timothy and Sutskever,  Ilya and Levine,  Sergey},
  keywords = {Machine Learning (cs.LG),  Artificial Intelligence (cs.AI),  Robotics (cs.RO),  Systems and Control (eess.SY),  FOS: Computer and information sciences,  FOS: Computer and information sciences,  FOS: Electrical engineering,  electronic engineering,  information engineering,  FOS: Electrical engineering,  electronic engineering,  information engineering},
  title = {Continuous Deep Q-Learning with Model-based Acceleration},
  publisher = {arXiv},
  year = {2016},
  copyright = {arXiv.org perpetual,  non-exclusive license}
}

@misc{ClippedDQN,
  doi = {10.48550/ARXIV.1802.09477},
  url = {https://arxiv.org/abs/1802.09477},
  author = {Fujimoto,  Scott and van Hoof,  Herke and Meger,  David},
  keywords = {Artificial Intelligence (cs.AI),  Machine Learning (cs.LG),  Machine Learning (stat.ML),  FOS: Computer and information sciences,  FOS: Computer and information sciences},
  title = {Addressing Function Approximation Error in Actor-Critic Methods},
  publisher = {arXiv},
  year = {2018},
  copyright = {arXiv.org perpetual,  non-exclusive license}
}

@misc{
ren2021on,
title={On the Estimation Bias in Double Q-Learning},
author={Zhizhou Ren and Guangxiang Zhu and Beining Han and Jianglun Chen and Chongjie Zhang},
year={2021},
url={https://openreview.net/forum?id=FKotzp6PZJw}
}

@misc{DuelingDQN,
  doi = {10.48550/ARXIV.1511.06581},
  url = {https://arxiv.org/abs/1511.06581},
  author = {Wang,  Ziyu and Schaul,  Tom and Hessel,  Matteo and van Hasselt,  Hado and Lanctot,  Marc and de Freitas,  Nando},
  keywords = {Machine Learning (cs.LG),  FOS: Computer and information sciences,  FOS: Computer and information sciences},
  title = {Dueling Network Architectures for Deep Reinforcement Learning},
  publisher = {arXiv},
  year = {2015},
  copyright = {arXiv.org perpetual,  non-exclusive license}
}

@misc{PER,
  doi = {10.48550/ARXIV.1511.05952},
  url = {https://arxiv.org/abs/1511.05952},
  author = {Schaul,  Tom and Quan,  John and Antonoglou,  Ioannis and Silver,  David},
  keywords = {Machine Learning (cs.LG),  FOS: Computer and information sciences,  FOS: Computer and information sciences},
  title = {Prioritized Experience Replay},
  publisher = {arXiv},
  year = {2015},
  copyright = {arXiv.org perpetual,  non-exclusive license}
}

@misc{Rainbow,
  doi = {10.48550/ARXIV.1710.02298},
  url = {https://arxiv.org/abs/1710.02298},
  author = {Hessel,  Matteo and Modayil,  Joseph and van Hasselt,  Hado and Schaul,  Tom and Ostrovski,  Georg and Dabney,  Will and Horgan,  Dan and Piot,  Bilal and Azar,  Mohammad and Silver,  David},
  keywords = {Artificial Intelligence (cs.AI),  Machine Learning (cs.LG),  FOS: Computer and information sciences,  FOS: Computer and information sciences},
  title = {Rainbow: Combining Improvements in Deep Reinforcement Learning},
  publisher = {arXiv},
  year = {2017},
  copyright = {arXiv.org perpetual,  non-exclusive license}
}